@article{Mecking:2003zu,
      author         = "Mecking, B. A. and others",
      title          = "{The CEBAF Large Acceptance Spectrometer (CLAS)}",
      collaboration  = "CLAS",
      journal        = "Nucl. Instrum. Meth.",
      volume         = "A503",
      year           = "2003",
      pages          = "513-553",
      doi            = "10.1016/S0168-9002(03)01001-5",
      reportNumber   = "JLAB-PHY-03-01",
      SLACcitation   = "%%CITATION = NUIMA,A503,513;%%"
}%CLAS detector



@article{BOS:bank,
      journal          = "\href{http://clasweb.jlab.org/bos/browsebos.php}{http://clasweb.jlab.org/bos/browsebos.php}",
     
}

@article{Stepanyan:1999,
      author         = "S. Stepanyan",
      title          = "\href{https://www.jlab.org/Hall-B/notes/clas_notes99.html}{Proposal for the Production of the DST's to Distribute CLAS Data}",
      ee = {https://www.jlab.org/Hall-B/notes/clas_notes99.html},
      journal   = "CLAS-NOTE-99-002",
      collaboration  = "CLAS",
      year           = "1999",
}%BOS format note, Stepanyan

@article{Egian:007,
      author         = "K. Egiyan and others",
      title          = "\href{https://www.jlab.org/Hall-B/notes/clas_notes99.html}{Determination of electron energy cut due to the CLAS EC threshold}",
      ee = {https://www.jlab.org/Hall-B/notes/clas_notes99.html},
      journal   = "CLAS-NOTE-99-007",
      collaboration  = "CLAS",
      year           = "1999",
}%EC threshold cut


@article{Osipenko:2004,
      author         = "M. Osipenko and A. Vlassov and M. Taiuti",
      title          = "\href{https://www.jlab.org/Hall-B/notes/clas_notes04/2004-020.pdf}{Matching between the electron candidate track and Cherenkov counter hit}", 
      ee = {https://www.jlab.org/Hall-B/notes/clas_notes04/2004-020.pdf},
      journal   = "CLAS-NOTE-2004-020",
      collaboration  = "CLAS",
      year           = "2004",
}%CC plane determination



@book{Ungaro:2010,     
      author         = "M. Ungaro and K. Joo",
      title          = "\href{https://userweb.jlab.org/~ungaro/maureepage/proj/pi0/e\_pid/e\_pid.html}{e1-6 Electron Identification}",
      publisher         = "https://userweb.jlab.org/$\sim$ungaro/maureepage/proj/pi0/e\_pid/e\_pid.html",
      address = "CLAS web page"
}%M. Ungaro web page, cc angles matching



@book{Khetarpal:2010,     
      author         = "P. K. Khetarpal",
      title          = "\href{https://www.jlab.org/Hall-B/general/thesis/Khetarpal_thesis.pdf}{NEAR THRESHOLD NEUTRAL PION ELECTROPRODUCTION AT HIGH MOMENTUM TRANSFERS}",
      publisher         = "https://www.jlab.org/Hall-B/general/thesis/Khetarpal\_thesis.pdf",
      address = "Ph. D. Thesis"
      year = "2010"
}%CC fid cut



@article{twopeg,
      author         = " {\relax Iu} Skorodumina and G. V. Fedotov and others",
      title          = "\href{https://misportal.jlab.org/mis/physics/clas12/viewFile.cfm/2017-001.pdf?documentId=36}{TWOPEG: An Event Generator for Charged Double Pion Electroproduction off Proton}",
      journal   = "CLAS12-NOTE-2017-001",
      ee = {https://misportal.jlab.org/mis/physics/clas12/viewFile.cfm/2017-001.pdf?documentId=36},
      collaboration  = "CLAS",
      year           = "2017, arXiv/1703.08081[physics.data-an]",
      eprint         = "1703.08081",
      archivePrefix  = "arXiv",
      primaryClass   = "physics.data-an",
      SLACcitation   = "%%CITATION = ARXIV:1703.08081;%%"
}%twopeg

@article{twopeg-d,
      author         = "Skorodumina, {\relax Iu}. and Fedotov, G. V. and Gothe, R. W.",
      title          = "\href{https://misportal.jlab.org/mis/physics/clas12/viewFile.cfm/2017-014.pdf?documentId=50}{TWOPEG-D: An Extension of TWOPEG for the Case of a Moving Proton Target}",
      journal   = "CLAS12-NOTE-2017-014",
      ee = {https://misportal.jlab.org/mis/physics/clas12/viewFile.cfm/2017-014.pdf?documentId=50},
      collaboration  = "CLAS",
      year           = "2017, arXiv:1712.07712",
      eprint         = "",
      archivePrefix  = "arXiv",
      primaryClass   = "physics.data-an",
      SLACcitation   = "%%CITATION = ARXIV:1703.08081;%%"
}%twopeg-d

@article{note_QE_peak,
      author         = "Skorodumina, {\relax Iu}. and Fedotov, G. V. and Gothe, R. W.",
      title          = "\href{https://misportal.jlab.org/mis/physics/clas12/viewFile.cfm/2019-003.pdf?documentId=64}{Testing Parameterizations of the Deuteron Quasi-Elastic Peak}",
      journal   = "CLAS12-NOTE-2019-003",
      ee = {https://misportal.jlab.org/mis/physics/clas12/viewFile.cfm/2019-003.pdf?documentId=64},
      collaboration  = "CLAS",
      year           = "2019, arXiv:2003.02337",
      eprint         = "",
      archivePrefix  = "arXiv",
      primaryClass   = "physics.data-an?",
      SLACcitation   = "%%CITATION = ARXIV:1703.08081;%%"
}%deuteron QE peak note



@article{KPark:momcorr,
      author         = "Kijun Park and others",
      title          = "\href{https://www.jlab.org/Hall-B/notes/clas_notes03/03-012.pdf}{Kinematics Corrections for CLAS}",
      ee = {https://www.jlab.org/Hall-B/notes/clas_notes03/03-012.pdf},
      journal   = "CLAS-Note-2003-012",
      collaboration  = "CLAS",
      year           = "2003",
}%el mom corr

@article{Fed_an_note:2017,
      author         = "G. V. Fedotov and others",
      title          = "\href{https://misportal.jlab.org/ul/Physics/Hall-B/clas/viewFile.cfm/2018-001.pdf?documentId=776}{Analysis report on the $ep \rightarrow e'p \pi^{+}\pi^{-}$ reaction in the CLAS detector with a 2.039 GeV}",
      ee = {https://misportal.jlab.org/ul/Physics/Hall-B/clas/viewFile.cfm/2018-001.pdf?documentId=776},
      journal   = "CLAS-Analysis-2017-101 (CLAS-NOTE-2018-001)",
      collaboration  = "CLAS",
      year           = "2017",
}%Fed new note



@article{Fed_paper_2018,
      author         = "Fedotov, G. V. and others",
      title          = "{Measurements of the $\gamma_{v} p \rightarrow p' \pi^{+}
                        \pi^{-}$ cross section with the CLAS detector for $0.4$
                        GeV$^{2}$ $< Q^{2} <$ $1.0$ GeV$^{2}$ and $1.3$ GeV $< W
                        <$ $1.825$ GeV}",
      collaboration  = "CLAS",
      journal        = "Phys. Rev.",
      volume         = "C98",
      year           = "2018",
      number         = "2",
      pages          = "025203",
      doi            = "10.1103/PhysRevC.98.025203",
      eprint         = "1804.05136",
      archivePrefix  = "arXiv",
      primaryClass   = "nucl-ex",
      SLACcitation   = "%%CITATION = ARXIV:1804.05136;%%"
}%Fed new paper


@article{Markov:2014,
      author         = "N. Markov and others",
      title          = "\href{https://misportal.jlab.org/ul/physics/hall-b/clas/viewFile.cfm/2014-106.pdf?documentId=732}{Single $\pi^{0}$ Electroproduction off the Proton in the Resonance region}",
      ee = {https://misportal.jlab.org/ul/physics/hall-b/clas/viewFile.cfm/2014-106.pdf?documentId=732},
      journal   = "CLAS-Analysis-2014-106",
      collaboration  = "CLAS",
      year           = "2014",
}%Markov's an note

@article{Ye_Tian:2017,
      author         = "Ye Tian and Ralf W. Gothe",
      title          = "\href{https://misportal.jlab.org/ul/Physics/Hall-B/clas/analysisIndex.cfm?note_year=2021}{Exclusive $\pi^{-}$ Electroproduction off the Neutron in Deuterium in the Resonance Region}",
      ee = {https://misportal.jlab.org/ul/Physics/Hall-B/clas/analysisIndex.cfm?note_year=2021},
      journal   = "CLAS-Analysis-2021-101",
      collaboration  = "CLAS",
      year           = "2020",
}%Ye's an note



@article{Machleidt:1987hj,
      author         = "Machleidt, R. and Holinde, K. and Elster, C.",
      title          = "{The Bonn Meson Exchange Model for the Nucleon Nucleon
                        Interaction}",
      journal        = "Phys. Rept.",
      volume         = "149",
      year           = "1987",
      pages          = "1-89",
      doi            = "10.1016/S0370-1573(87)80002-9",
      SLACcitation   = "%%CITATION = PRPLC,149,1;%%"
}%Bonn potential


@article{Fed_an_note:2007,
      author         = "G. V. Fedotov and others",
      title          = "\href{https://misportal.jlab.org/ul/physics/hall-b/clas/viewFile.cfm/2007-117.pdf?documentId=755}{Analysis report on the $ep \rightarrow e'p \pi^{+}\pi^{-}$ reaction in the CLAS detector with a 1.515 GeV beam for  $0.2 <Q^{2} < 0.6$ GeV$^{2}$ and $1.3 < W < 1.6$ GeV}",
      ee = {https://misportal.jlab.org/ul/physics/hall-b/clas/viewFile.cfm/2007-117.pdf?documentId=755},
      journal   = "CLAS-Analysis-2007-117",
      collaboration  = "CLAS",
      year           = "2007",
}%old Gleb's note


@article{Rip_an_note:2002,
      author         = "M. Ripani and others",
      title          = "\href{https://www.jlab.org/Hall-B/secure/analysis/clas_analysis02/2002-109.pdf}{Measurement of Two Pion Decay of Electroproduced Light Quark Baryon States with CLAS}",
      ee = {https://www.jlab.org/Hall-B/secure/analysis/clas_analysis02/2002-109.pdf},
      journal   = "CLAS-Analysis-2002-109",
      collaboration  = "CLAS",
      year           = "2002",
}%old Rapani's note


@article{Arjun,
      author         = "A. Trivedi and R. W. Gothe",
      title          = "\href{https://misportal.jlab.org/ul/Physics/Hall-B/clas/viewFile.cfm/2019-102.pdf?documentId=781}{Measurement of New Observables from the $p\pi^{+}\pi^{-}$ Electroproduction off the Proton}",
      ee = {https://misportal.jlab.org/ul/Physics/Hall-B/clas/viewFile.cfm/2019-102.pdf?documentId=781},
      journal   = "CLAS-Analysis-2019-102",
      collaboration  = "CLAS",
      year           = "2018",
}%Arjun's note


@article{Ripani:2002ss,
      author         = "Ripani, M. and others",
      title          = "{Measurement of $e p \rightarrow e' p \pi^+ \pi^-$ and baryon
                        resonance analysis}",
      collaboration  = "CLAS",
      journal        = "Phys. Rev. Lett.",
      volume         = "91",
      year           = "2003",
      pages          = "022002",
      doi            = "10.1103/PhysRevLett.91.022002",
      eprint         = "hep-ex/0210054",
      archivePrefix  = "arXiv",
      primaryClass   = "hep-ex",
      reportNumber   = "JLAB-PHY-02-138",
      SLACcitation   = "%%CITATION = HEP-EX/0210054;%%"
}% Ripani, data

@article{Fedotov:2008aa,
      author         = "Fedotov, G. V. and others",
      title          = "{Electroproduction of $p\pi^+\pi^-$ off protons at $0.2 < Q^2
                        < 0.6$~GeV$^2$ and $1.3 < W < 1.57$~GeV with CLAS}",
      collaboration  = "CLAS",
      journal        = "Phys. Rev.",
      volume         = "C79",
      year           = "2009",
      pages          = "015204",
      doi            = "10.1103/PhysRevC.79.015204",
      eprint         = "0809.1562",
      archivePrefix  = "arXiv",
      primaryClass   = "nucl-ex",
      reportNumber   = "JLAB-PHY-08-871",
      SLACcitation   = "%%CITATION = ARXIV:0809.1562;%%"
}% Fedotov, data



@article{Isupov_note,
      author         = "Isupov, E. L. and others",
      title          = "\href{..}{Analysis report on the $e p \to e' \pi^+ \pi^- p'$ reaction in the CLAS detector with a 5.754 GeV beam for $2.0$
                        GeV$^2$ $< Q^2 < 5.0$ GeV$^2$ and $1.40$ Gev $< W < 2.0$ GeV}",
      ee = {..},
      journal   = "CLAS-Analysis-2016",
      collaboration  = "CLAS",
      year           = "2016",
}%Isupov's note

@article{Isupov:2017lnd,
      author         = "Isupov, E. L. and others",
      title          = "{Measurements of $e p \to e' \pi^+ \pi^- p'$ Cross
                        Sections with CLAS at $1.40$ Gev $< W < 2.0$ GeV and $2.0$
                        GeV$^2$ $< Q^2 < 5.0$ GeV$^2$}",
      collaboration  = "CLAS",
      journal        = "Phys. Rev.",
      volume         = "C96",
      year           = "2017",
      number         = "2",
      pages          = "025209",
      doi            = "10.1103/PhysRevC.96.025209",
      eprint         = "1705.01901",
      archivePrefix  = "arXiv",
      primaryClass   = "nucl-ex",
      reportNumber   = "JLAB-PHY-17-2453",
      SLACcitation   = "%%CITATION = ARXIV:1705.01901;%%"
}


@article{Golovach,
      author         = "Golovatch, E. and others",
      title          = "{First results on nucleon resonance photocouplings from
                        the $\gamma p \to \pi^+\pi^-p$ reaction}",
      collaboration  = "CLAS",
      journal        = "Phys. Lett.",
      volume         = "B788",
      year           = "2019",
      pages          = "371-379",
      doi            = "10.1016/j.physletb.2018.10.013",
      eprint         = "1806.01767",
      archivePrefix  = "arXiv",
      primaryClass   = "nucl-ex",
      reportNumber   = "JLAB-PHY-18-2734",
      SLACcitation   = "%%CITATION = ARXIV:1806.01767;%%"
}%golovach data article


@article{Skorodumina:2015rea,
      author         = "Skorodumina, {\relax Yu} and others",
      title          = "{Investigating of the exclusive reaction of
                        $\pi^{+}\pi^{−}$ pair electroproduction on a proton
                        bound in a deuteron}",
      booktitle      = "{Proceedings, 64th International Conference "Nuclei 2014:
                        Fundamental Problems and Applications of Nuclear Physics,
                        from Nanotechnology to Space" (64th International Meeting
                        on Nuclear Spectroscopy and the Structure of Atomic
                        Nuclei): Minsk, Belarus, July 1-4, 2014}",
      journal        = "Bull. Russ. Acad. Sci. Phys.",
      volume         = "79",
      year           = "2015",
      number         = "4",
      pages          = "532-536",
      doi            = "10.3103/S1062873815040292",
      note           = "[Izv. Ross. Akad. Nauk Ser. Fiz.79,no.4,575(2015)]",
      reportNumber   = "JLAB-PHY-15-2061",
      SLACcitation   = "%%CITATION = BUPSA,79,532;%%"
}% my article ia Izv Ran

@book{Byckling:1971vca,
      author         = "Byckling, Eero and Kajantie, K.",
      title          = "{Particle Kinematics}",
      publisher      = "University of Jyvaskyla",
      address        = "Jyvaskyla, Finland",
      year           = "1971",
      url            = "http://www-spires.fnal.gov/spires/find/books/www?cl=QC794.6.K5B99",
      SLACcitation   = "%%CITATION = INSPIRE-1251349;%%"
}


@article{Mo:1968cg,
      author         = "Mo, Luke W. and Tsai, Yung-Su",
      title          = "{Radiative Corrections to Elastic and Inelastic $e p$ and
                        $\mu p$ Scattering}",
      journal        = "Rev.Mod.Phys.",
      volume         = "41",
      pages          = "205-235",
      doi            = "10.1103/RevModPhys.41.205",
      year           = "1969",
      reportNumber   = "SLAC-PUB-0380",
      SLACcitation   = "%%CITATION = RMPHA,41,205;%%",
}%Mo&Tsai


@article{Laforge:1996ts,
      author         = "Laforge, B. and Schoeffel, L.",
      title          = "{Elements of statistical methods in high-energy physics
                        analyses}",
      journal        = "Nucl. Instrum. Meth.",
      volume         = "A394",
      year           = "1997",
      pages          = "115-120",
      doi            = "10.1016/S0168-9002(97)00649-9",
      reportNumber   = "DAPNIA-SPP-96-27",
      SLACcitation   = "%%CITATION = NUIMA,A394,115;%%"
}

@article{Skorodumina:2016pnb,
      author         = "Skorodumina, {\relax Iu}. A. and others",
      title          = "{Nucleon resonances in exclusive reactions of photo- and
                        electroproduction of mesons}",
      journal        = "Moscow Univ. Phys. Bull.",
      volume         = "70",
      year           = "2015",
      number         = "6",
      pages          = "429-447",
      doi            = "10.3103/S002713491506017X",
      note           = "[Vestn. Mosk. Univ.,no.6,3(2015)]",
      SLACcitation   = "%%CITATION = MUPBA,70,429;%%"
}%Vestnicf



@article{Noble:1980my,
      author         = "Noble, J. V.",
      title          = "{Modification of the nucleon's properties in nuclear
                        matter}",
      journal        = "Phys. Rev. Lett.",
      volume         = "46",
      year           = "1981",
      pages          = "412-415",
      doi            = "10.1103/PhysRevLett.46.412",
      SLACcitation   = "%%CITATION = PRLTA,46,412;%%"
}%off-shell


@misc{CLAS_DB,
  title = {{CLAS physics database}},
  howpublished = {\url{http://clas.sinp.msu.ru/cgi-bin/jlab/db.cgi}}
}% CLAS physics database



@article{Mokeev:1995fy,
      author         = "Mokeev, V. I. and Santopinto, E. and Giannini, M. M. and
                        Ricco, G.",
      title          = "{The Influence of the nuclear medium on the baryon
                        resonance excitation}",
      journal        = "Int. J. Mod. Phys.",
      volume         = "E4",
      year           = "1995\newline [see also Refs.[1-5] there]",
      pages          = "607-624",
      doi            = "10.1142/S0218301395000237",
      SLACcitation   = "%%CITATION = IMPAE,E4,607;%%"
}%Mokeev - damping 2nd res region

@article{Bianchi:1994ax,
      author         = "Bianchi, N. and others",
      title          = "{Absolute total photoabsorption cross-sections on nuclei
                        in the nucleon resonance region}",
      journal        = "Phys. Lett.",
      volume         = "B325",
      year           = "1994",
      pages          = "333-336",
      doi            = "10.1016/0370-2693(94)90021-3",
      SLACcitation   = "%%CITATION = PHLTA,B325,333;%%"
}%photoabs cr sct

@article{Ahrens:1986hn,
      author         = "Ahrens, J.",
      title          = "{The Total Absorption of Photons by Nuclei}",
      booktitle      = "{NUCLEAR PHYSICS WITH ELECTROMAGNETIC PROBES.
                        PROCEEDINGS, 11TH EUROPHYSICS DIVISIONAL CONFERENCE,
                        PARIS, FRANCE, JULY 1-5, 1985}",
      journal        = "Nucl. Phys.",
      volume         = "A446",
      year           = "1985",
      pages          = "229C-239C",
      doi            = "10.1016/0375-9474(85)90591-3",
      SLACcitation   = "%%CITATION = NUPHA,A446,229C;%%"
}%photoabs cr sct


@article{Krusche:2004xz,
      author         = "Krusche, B.",
      title          = "{Photoproduction of mesons from nuclei: In-medium
                        properties of hadrons}",
      booktitle      = "{Lepton scattering and the structure of hadrons and
                        nuclei. Proceedings, International School of nuclear
                        physics, 26th Course, Erice, Italy, September 16-24,
                        2004}",
      journal        = "Prog. Part. Nucl. Phys.",
      volume         = "55",
      year           = "2005",
      pages          = "46-70",
      doi            = "10.1016/j.ppnp.2004.12.002",
      eprint         = "nucl-ex/0411033",
      archivePrefix  = "arXiv",
      primaryClass   = "nucl-ex",
      SLACcitation   = "%%CITATION = NUCL-EX/0411033;%%"
}%krusche - in-medium properties


@article{Krusche:2003ik,
      author         = "Krusche, B. and Schadmand, S.",
      title          = "{Study of nonstrange baryon resonances with meson
                        photoproduction}",
      journal        = "Prog. Part. Nucl. Phys.",
      volume         = "51",
      year           = "2003",
      pages          = "399-485",
      doi            = "10.1016/S0146-6410(03)90005-6",
      eprint         = "nucl-ex/0306023",
      archivePrefix  = "arXiv",
      primaryClass   = "nucl-ex",
      SLACcitation   = "%%CITATION = NUCL-EX/0306023;%%"
}% Krusche overview


@article{Aznauryan:2011qj,
      author         = "Aznauryan, I. G. and Burkert, V. D.",
      title          = "{Electroexcitation of nucleon resonances}",
      journal        = "Prog. Part. Nucl. Phys.",
      volume         = "67",
      year           = "2012",
      pages          = "1-54",
      doi            = "10.1016/j.ppnp.2011.08.001",
      eprint         = "1109.1720",
      archivePrefix  = "arXiv",
      primaryClass   = "hep-ph",
      reportNumber   = "JLAB-PHY-11-1409",
      SLACcitation   = "%%CITATION = ARXIV:1109.1720;%%"
}%Aznauryan overview



@article{Osipenko:2003bu,
      author         = "Osipenko, M. and others",
      title          = "{A Kinematically complete measurement of the proton
                        structure function F(2) in the resonance region and
                        evaluation of its moments}",
      collaboration  = "CLAS",
      journal        = "Phys. Rev.",
      volume         = "D67",
      year           = "2003",
      pages          = "092001",
      doi            = "10.1103/PhysRevD.67.092001",
      eprint         = "hep-ph/0301204",
      archivePrefix  = "arXiv",
      primaryClass   = "hep-ph",
      reportNumber   = "JLAB-PHY-03-46",
      SLACcitation   = "%%CITATION = HEP-PH/0301204;%%"
}% osipenko F2 function proton

@article{Osipenko_2003_note,
      author         = "M. Osipenko and others",
      title          = "\href{https://www.jlab.org/Hall-B/notes/clas_notes03/03-001.pdf}{The proton structure function F2 with CLAS}",
      ee = {https://www.jlab.org/Hall-B/notes/clas_notes03/03-001.pdf},
      journal   = "{\normalfont CLAS-NOTE-2003-001, arXiv:hep-ex/0309052}",
      collaboration  = "CLAS",
      year           = "2003",
}%osipenko F2 function proton CLAS note



@article{Osipenko:2005gt,
      author         = "Osipenko, M. and others",
      title          = "{Measurement of the deuteron structure function F(2) in
                        the resonance region and evaluation of its moments}",
      collaboration  = "CLAS",
      journal        = "Phys. Rev.",
      volume         = "C73",
      year           = "2006",
      pages          = "045205",
      doi            = "10.1103/PhysRevC.73.045205",
      eprint         = "hep-ex/0506004",
      archivePrefix  = "arXiv",
      primaryClass   = "hep-ex",
      reportNumber   = "JLAB-PHY-05-36",
      SLACcitation   = "%%CITATION = HEP-EX/0506004;%%"
}% osipenko F2 function deuteron



@article{Osipenko_2005_note,
      author         = "M. Osipenko and others",
      title          = "\href{https://misportal.jlab.org/ul/Physics/Hall-B/clas/index.cfm?note_year=2005}{ The deuteron structure function F2 with CLAS}",
      ee = {https://misportal.jlab.org/ul/Physics/Hall-B/clas/index.cfm?note_year=2005},
      journal   = "{\normalfont CLAS-NOTE-2005-013, arXiv:hep-ex/0507098}",
      collaboration  = "CLAS",
      year           = "2005",
}%osipenko F2 function deuteron CLAS note


@article{clas_tof_paddles,
      author         = "G. Mutcler, S. Taylor and Elton Smith",
      title          = "\href{https://www.jlab.org/Hall-B/notes/clas_notes98/note98-008.pdf}{CLAS TOF Scintillator Positions}",
      ee = {https://www.jlab.org/Hall-B/notes/clas_notes98/note98-008.pdf},
      journal   = "{\normalfont CLAS-NOTE-1998-008}",
      collaboration  = "CLAS",
      year           = "1998",
}%clas tof paddles note




@article{Osipenko:2010sb,
      author         = "Osipenko, M. and others",
      title          = "{Measurement of the Nucleon Structure Function F2 in the
                        Nuclear Medium and Evaluation of its Moments}",
      collaboration  = "CLAS",
      journal        = "Nucl. Phys.",
      volume         = "A845",
      year           = "2010",
      pages          = "1-32",
      doi            = "10.1016/j.nuclphysa.2010.05.059",
      eprint         = "1002.3776",
      archivePrefix  = "arXiv",
      primaryClass   = "nucl-ex",
      reportNumber   = "JLAB-PHY-10-1132",
      SLACcitation   = "%%CITATION = ARXIV:1002.3776;%%"
}% osipenko F2 function carbon


@article{Adams:2001kk,
      author         = "Adams, G. and others",
      title          = "{The CLAS Cherenkov detector}",
      journal        = "Nucl. Instrum. Meth.",
      volume         = "A465",
      year           = "2001",
      pages          = "414-427",
      doi            = "10.1016/S0168-9002(00)01313-9",
      reportNumber   = "JLAB-PHY-01-46",
      SLACcitation   = "%%CITATION = NUIMA,A465,414;%%"
}%The CLAS CC

@misc{Genev,
      author         = "E. N. Golovach and others",
 howpublished = {\url{http://depni.sinp.msu.ru/~golovach/EG/}}
}%GENEV


@misc{target, 
      title = {{e1e} target assembly},
      howpublished = {\url{https://userweb.jlab.org/~skorodum/e1e_target/tar_e1e_web.pdf}}
}%target

@article{Bosted:1994tm,
      author         = "Bosted, Peter E.",
      title          = "{An Empirical fit to the nucleon electromagnetic
                        form-factors}",
      journal        = "Phys. Rev.",
      volume         = "C51",
      year           = "1995",
      pages          = "409-411",
      doi            = "10.1103/PhysRevC.51.409",
      reportNumber   = "SLAC-PUB-6651",
      SLACcitation   = "%%CITATION = PHRVA,C51,409;%%"
}

@misc{Bosted_fit,
      author         = "P. Bosted and others",
 howpublished = {\url{https://userweb.jlab.org/~bosted/fits.html}}
}%Bosted fit, codes

@article{Bosted:2007xd,
      author         = "Bosted, P. E. and Christy, M. E.",
      title          = "{Empirical fit to inelastic electron-deuteron and
                        electron-neutron resonance region transverse
                        cross-sections}",
      journal        = "Phys. Rev.",
      volume         = "C77",
      year           = "2008",
      pages          = "065206",
      doi            = "10.1103/PhysRevC.77.065206",
      eprint         = "0711.0159",
      archivePrefix  = "arXiv",
      primaryClass   = "hep-ph",
      reportNumber   = "JLAB-PHY-07-744",
      SLACcitation   = "%%CITATION = ARXIV:0711.0159;%%"
}%Bosted QE-param


@article{Amaro:2004bs,
      author         = "Amaro, Jose Enrique and Barbaro, M. B. and Caballero, J.
                        A. and Donnelly, T. W. and Molinari, A. and Sick, I.",
      title          = "{Using electron scattering superscaling to predict
                        charge-changing neutrino cross sections in nuclei}",
      journal        = "Phys. Rev.",
      volume         = "C71",
      year           = "2005",
      pages          = "015501",
      doi            = "10.1103/PhysRevC.71.015501",
      eprint         = "nucl-th/0409078",
      archivePrefix  = "arXiv",
      primaryClass   = "nucl-th",
      SLACcitation   = "%%CITATION = NUCL-TH/0409078;%%"
}%QE el-nucleus xsect parametrization. Scaling

@article{Alberico:1988bv,
      author         = "Alberico, W. M. and Molinari, A. and Donnelly, T. W. and
                        Kronenberg, E. L. and Van Orden, J. W.",
      title          = "{Scaling in electron scattering from a relativistic Fermi
                        gas}",
      journal        = "Phys. Rev.",
      volume         = "C38",
      year           = "1988",
      pages          = "1801-1810",
      doi            = "10.1103/PhysRevC.38.1801",
      reportNumber   = "MIT-CTP-1569, CEBAF-TH-88-01",
      SLACcitation   = "%%CITATION = PHRVA,C38,1801;%%"
}%Scaling. FQE. \Delta-parametr


@article{Donnelly:1998xg,
      author         = "Donnelly, T. W. and Sick, Ingo",
      title          = "{Superscaling in inclusive electron - nucleus
                        scattering}",
      journal        = "Phys. Rev. Lett.",
      volume         = "82",
      year           = "1999",
      pages          = "3212-3215",
      doi            = "10.1103/PhysRevLett.82.3212",
      eprint         = "nucl-th/9809063",
      archivePrefix  = "arXiv",
      primaryClass   = "nucl-th",
      reportNumber   = "MIT-CTP-2780",
      SLACcitation   = "%%CITATION = NUCL-TH/9809063;%%"
}%Scaling FQE

@article{Bodek:2014pka,
      author         = "Bodek, A. and Christy, M. E. and Coopersmith, B.",
      title          = "{Effective Spectral Function for Quasielastic Scattering
                        on Nuclei}",
      journal        = "Eur. Phys. J.",
      volume         = "C74",
      year           = "2014",
      number         = "10",
      pages          = "3091",
      doi            = "10.1140/epjc/s10052-014-3091-0",
      eprint         = "1405.0583",
      archivePrefix  = "arXiv",
      primaryClass   = "hep-ph",
      SLACcitation   = "%%CITATION = ARXIV:1405.0583;%%"
}%FQE Scaling


@article{Durand:1959zz,
      author         = "Durand, Loyal",
      title          = "{Inelastic Electron-Deuteron Scattering Cross Sections at
                        High Energies}",
      journal        = "Phys. Rev.",
      volume         = "115",
      year           = "1959",
      pages          = "1020-1038",
      doi            = "10.1103/PhysRev.115.1020",
      SLACcitation   = "%%CITATION = PHRVA,115,1020;%%"
}%Durand peak approx I


@article{Durand:1961zz,
      author         = "Durand, Loyal",
      title          = "{Inelastic Electron-Deuteron Scattering Cross Sections at
                        High Energies. 2. Final-State Interactions and
                        Relativistic Corrections}",
      journal        = "Phys. Rev.",
      volume         = "123",
      year           = "1961",
      pages          = "1393-1422",
      doi            = "10.1103/PhysRev.123.1393",
      SLACcitation   = "%%CITATION = PHRVA,123,1393;%%"
}%Durand peak approx II


@article{Kocevar:1967,
      author         = "Kocevar, P.",
      title          = "{A Semirelativistic Calculation of the Deuteron Electrodisintegration at the QuasMastic Peak}",
      journal        = "Zeitschrift fur Physik",
      volume         = "209",
      year           = "1968",
      pages          = "457-469",
}%Kocevar peak approx 

@article{Hanson:1973vf,
      author         = "Hanson, K. M. and Dunning, J. R. and Goitein, M. and
                        Kirk, T. and Price, L. E. and Wilson, R.",
      title          = "{Large angle quasielastic electron-deuteron scattering}",
      journal        = "Phys. Rev.",
      volume         = "D8",
      year           = "1973",
      pages          = "753-778",
      doi            = "10.1103/PhysRevD.8.753",
      SLACcitation   = "%%CITATION = PHRVA,D8,753;%%"
}%Hanson, d qe-data


@article{Budnitz:1969dt,
      author         = "Budnitz, R. J. and others",
      title          = "{Neutron form-factors from quasielastic electron deuteron
                        scattering}",
      journal        = "Phys. Rev.",
      volume         = "173",
      year           = "1968",
      pages          = "1357-1390",
      doi            = "10.1103/PhysRev.173.1357",
      SLACcitation   = "%%CITATION = PHRVA,173,1357;%%"
}% Bunditz, peak approx


@article{Rock:1991jy,
      author         = "Rock, Stephen and Arnold, R. G. and Bosted, Peter E. and
                        Chertok, B. T. and Mecking, B. A. and Schmidt, I. A. and
                        Szalata, Z. M. and York, R. and Zdarko, R.",
      title          = "{Measurement of elastic electron - neutron scattering and
                        inelastic electron - deuteron scattering cross-sections at
                        high momentum transfer}",
      journal        = "Phys. Rev.",
      volume         = "D46",
      year           = "1992",
      pages          = "24-44",
      doi            = "10.1103/PhysRevD.46.24",
      reportNumber   = "SLAC-PUB-5239",
      SLACcitation   = "%%CITATION = PHRVA,D46,24;%%"
}%Rock, d qe-data




@article{Rock_SLAC,
      author         = "S. Rock and others",
      title          = "\href{https://pdfs.semanticscholar.org/3f30/276d2138725ef598a9b9ca73bd339a3722e2.pdf}{Measurement of elastic electron - neutron scattering and inelastic electron - deuteron scattering cross-sections at high momentum transfer}",
      ee = {https://pdfs.semanticscholar.org/3f30/276d2138725ef598a9b9ca73bd339a3722e2.pdf},
      journal   = "SLAC-PUB-5239",
      collaboration  = "SLAC",
      year           = "1991",
}%Rock, d qe-data




